[gd_scene load_steps=5 format=2]

[ext_resource path="res://fonts/Standard.tres" type="DynamicFont" id=1]
[ext_resource path="res://fonts/Title.tres" type="DynamicFont" id=2]
[ext_resource path="res://player/character_0000.png" type="Texture" id=3]
[ext_resource path="res://mainmenu/MainMenu.gd" type="Script" id=4]

[node name="ColorRect" type="ColorRect"]
anchor_right = 1.0
anchor_bottom = 1.0
color = Color( 0.2, 0.4, 0.6, 1 )
script = ExtResource( 4 )
__meta__ = {
"_edit_use_anchors_": false
}

[node name="MarginContainer" type="MarginContainer" parent="."]
anchor_right = 1.0
anchor_bottom = 1.0
margin_left = 120.0
margin_top = 120.0
margin_right = -120.0
margin_bottom = -120.0
__meta__ = {
"_edit_use_anchors_": false
}

[node name="HBoxContainer" type="HBoxContainer" parent="MarginContainer"]
margin_right = 1126.0
margin_bottom = 528.0
__meta__ = {
"_edit_use_anchors_": false
}

[node name="Left" type="VBoxContainer" parent="MarginContainer/HBoxContainer"]
margin_right = 319.0
margin_bottom = 528.0

[node name="Label" type="Label" parent="MarginContainer/HBoxContainer/Left"]
margin_right = 319.0
margin_bottom = 48.0
custom_fonts/font = ExtResource( 2 )
text = "Puzzle Platformer"
align = 1

[node name="Options" type="VBoxContainer" parent="MarginContainer/HBoxContainer/Left"]
margin_top = 52.0
margin_right = 319.0
margin_bottom = 528.0
size_flags_vertical = 3
custom_constants/separation = 20
alignment = 1

[node name="Continue" type="Button" parent="MarginContainer/HBoxContainer/Left/Options"]
margin_top = 110.0
margin_right = 319.0
margin_bottom = 145.0
custom_fonts/font = ExtResource( 1 )
disabled = true
text = "Continue"

[node name="NewGame" type="Button" parent="MarginContainer/HBoxContainer/Left/Options"]
margin_top = 165.0
margin_right = 319.0
margin_bottom = 200.0
custom_fonts/font = ExtResource( 1 )
text = "New Game"

[node name="LoadGame" type="Button" parent="MarginContainer/HBoxContainer/Left/Options"]
margin_top = 220.0
margin_right = 319.0
margin_bottom = 255.0
custom_fonts/font = ExtResource( 1 )
disabled = true
text = "Load Game"

[node name="Fullscreen" type="Button" parent="MarginContainer/HBoxContainer/Left/Options"]
margin_top = 275.0
margin_right = 319.0
margin_bottom = 310.0
custom_fonts/font = ExtResource( 1 )
text = "Toggle Fullscreen"
__meta__ = {
"_edit_use_anchors_": false
}

[node name="Exit" type="Button" parent="MarginContainer/HBoxContainer/Left/Options"]
margin_top = 330.0
margin_right = 319.0
margin_bottom = 365.0
custom_fonts/font = ExtResource( 1 )
text = "Exit"

[node name="Right" type="CenterContainer" parent="MarginContainer/HBoxContainer"]
margin_left = 323.0
margin_right = 1126.0
margin_bottom = 528.0
size_flags_horizontal = 3
size_flags_vertical = 3

[node name="TextureRect" type="TextureRect" parent="MarginContainer/HBoxContainer/Right"]
margin_left = 281.0
margin_top = 144.0
margin_right = 521.0
margin_bottom = 384.0
rect_min_size = Vector2( 240, 240 )
texture = ExtResource( 3 )
expand = true

[connection signal="pressed" from="MarginContainer/HBoxContainer/Left/Options/NewGame" to="." method="_on_new_game"]
[connection signal="pressed" from="MarginContainer/HBoxContainer/Left/Options/Fullscreen" to="." method="_on_fullscreen"]
[connection signal="pressed" from="MarginContainer/HBoxContainer/Left/Options/Exit" to="." method="_on_exit"]
